<record><leader>00000cas a22000007a 4500</leader><controlfield tag="001">13053230</controlfield><controlfield tag="008">860123d19681979inuwn ne      0    0eng d</controlfield><datafield ind1=" " ind2=" " tag="010"><subfield code="a">sn 86058206 </subfield></datafield><datafield ind1=" " ind2=" " tag="040"><subfield code="a">NPI</subfield><subfield code="b">eng</subfield><subfield code="c">NPI</subfield><subfield code="d">OCLCQ</subfield></datafield><datafield ind1=" " ind2=" " tag="042"><subfield code="a">msc</subfield></datafield><datafield ind1="0" ind2=" " tag="130"><subfield code="a">New crusader (Centerville, Wayne County, Ind.)</subfield></datafield><datafield ind1="1" ind2="4" tag="245"><subfield code="a">The new crusader.</subfield></datafield><datafield ind1=" " ind2=" " tag="260"><subfield code="a">[Centerville, Ind.?] :</subfield><subfield code="b">B. &amp; R. Inc.,</subfield><subfield code="c">1968-1979.</subfield></datafield><datafield ind1=" " ind2=" " tag="300"><subfield code="a">12 v. :</subfield><subfield code="b">ill. ;</subfield><subfield code="c">43 cm.</subfield></datafield><datafield ind1=" " ind2=" " tag="310"><subfield code="a">Weekly (except the last week of Aug. and Dec.)</subfield></datafield><datafield ind1="0" ind2=" " tag="362"><subfield code="a">Vol. 2, no. 17 (June 26, 1968)-v. 13, no. 19 (July 11, 1979).</subfield></datafield><datafield ind1=" " ind2=" " tag="515"><subfield code="a">Missed publishing some weeks.</subfield></datafield><datafield ind1=" " ind2=" " tag="752"><subfield code="a">United States</subfield><subfield code="b">Indiana</subfield><subfield code="c">Wayne</subfield><subfield code="d">Centerville.</subfield></datafield><datafield ind1="0" ind2="0" tag="780"><subfield code="t">Centerville crusader</subfield><subfield code="w">(DLC)sn 95067502</subfield></datafield><datafield ind1="0" ind2="0" tag="785"><subfield code="t">Crusader (Centerville, Wayne County, Ind.)</subfield><subfield code="w">(DLC)sn 86058207</subfield></datafield><datafield ind1="1" ind2=" " tag="029"><subfield code="a">AU@</subfield><subfield code="b">000025800916</subfield></datafield></record>